<?xml version="1.0" encoding="UTF-8"?>
<collection xmlns:xsi="http://www.w3.org/2001/XMLSchema-instance" xsi:schemaLocation="http://www.loc.gov/MARC21/slim http://www.loc.gov/standards/marcxml/schema/MARC21slim.xsd" xmlns="http://www.loc.gov/MARC21/slim">
<record>
  <leader>01133cam a2200289 a 4500</leader>
  <controlfield tag="001">9511444</controlfield>
  <controlfield tag="003">NNC</controlfield>
  <controlfield tag="005">20120716175125.0</controlfield>
  <controlfield tag="008">890612s1872    le            000 1 ara d</controlfield>
  <datafield tag="035" ind1=" " ind2=" ">
    <subfield code="a">(OCoLC)ocm60775513</subfield>
  </datafield>
  <datafield tag="035" ind1=" " ind2=" ">
    <subfield code="a">(OCoLC)60775513</subfield>
  </datafield>
  <datafield tag="035" ind1=" " ind2=" ">
    <subfield code="a">(NNC)9511444</subfield>
  </datafield>
  <datafield tag="040" ind1=" " ind2=" ">
    <subfield code="a">ZCU</subfield>
    <subfield code="c">ZCU</subfield>
    <subfield code="d">OCLCG</subfield>
    <subfield code="d">NNC</subfield>
  </datafield>
  <datafield tag="100" ind1="1" ind2=" ">
    <subfield code="6">880-01</subfield>
    <subfield code="a">Yāzijī, Nāṣīf,</subfield>
    <subfield code="d">1800-1871.</subfield>
  </datafield>
  <datafield tag="240" ind1="1" ind2="0">
    <subfield code="6">880-02</subfield>
    <subfield code="a">Majmaʻ al-baḥrayn</subfield>
  </datafield>
  <datafield tag="245" ind1="1" ind2="0">
    <subfield code="6">880-03</subfield>
    <subfield code="a">Kitāb Majmaʻ al-baḥrayn /</subfield>
    <subfield code="c">taʾlīf Nāṣīf al-Yāzijī.</subfield>
  </datafield>
  <datafield tag="260" ind1=" " ind2=" ">
    <subfield code="6">880-04</subfield>
    <subfield code="a">Bayrūt :</subfield>
    <subfield code="b">Maṭbaʻat al-Ābāʾ al-Yasūʻiyyīn,</subfield>
    <subfield code="c">1872.</subfield>
  </datafield>
  <datafield tag="300" ind1=" " ind2=" ">
    <subfield code="a">412 p. ;</subfield>
    <subfield code="c">24 cm.</subfield>
  </datafield>
  <datafield tag="500" ind1=" " ind2=" ">
    <subfield code="a">In Arabic.</subfield>
  </datafield>
  <datafield tag="500" ind1=" " ind2=" ">
    <subfield code="a">Several pages of manuscript tipped in at end.</subfield>
  </datafield>
  <datafield tag="500" ind1=" " ind2=" ">
    <subfield code="a">Maqāmāt, or rhetorical anecdotes.</subfield>
  </datafield>
  <datafield tag="880" ind1="1" ind2=" ">
    <subfield code="6">100-01/r</subfield>
    <subfield code="a">يازجي، ناصيف،</subfield>
    <subfield code="d">18001871.</subfield>
  </datafield>
  <datafield tag="880" ind1="1" ind2="0">
    <subfield code="6">240-02/r</subfield>
    <subfield code="a">مجمع البحرين.</subfield>
  </datafield>
  <datafield tag="880" ind1="1" ind2="0">
    <subfield code="6">245-03/r</subfield>
    <subfield code="a">كتاب مجمع البحرين /</subfield>
    <subfield code="c">تأليف ناصيف اليازجي.</subfield>
  </datafield>
  <datafield tag="880" ind1=" " ind2=" ">
    <subfield code="6">260-04/r</subfield>
    <subfield code="a">بيروت :</subfield>
    <subfield code="b">مطبعة الآباء اليسوعيين،</subfield>
    <subfield code="c">1872.</subfield>
  </datafield>
  <datafield tag="955" ind1=" " ind2=" ">
    <subfield code="b">CU18221750</subfield>
    <subfield code="d">off,glx</subfield>
    <subfield code="e">PJ7874.A9 M3 1872g</subfield>
  </datafield>
</record>
</collection>